% This file was created with JabRef 2.6.
% Encoding: Cp1252

@BOOK{bentley:1999,
  title = {{P}rogramming {P}earls},
  publisher = {Addison--Wesley},
  year = {1999},
  author = {Jon Bentley},
  address = {Boston, MA, USA},
  edition = {2nd}
}

@BOOK{bringhurst:2002,
  title = {{T}he {E}lements of {T}ypographic {S}tyle},
  publisher = {Hartley \& Marks Publishers},
  year = {2008},
  author = {Robert Bringhurst},
  series = {Version 3.2},
  address = {Point Roberts, WA, USA}
}

@BOOK{cormen:2001,
  title = {{I}ntroduction to {A}lgorithms},
  publisher = {The MIT Press},
  year = {2001},
  author = {Cormen, Thomas H. and Leiserson, Charles E. and Rivest, Ronald L.
	and Clifford Stein},
  address = {Cambridge, MA, USA},
  edition = {2nd}
}

@BOOK{dueck:trio,
  title = {{D}ueck's {T}rilogie: {O}mnisophie -- {S}upramanie -- {T}opothesie},
  publisher = {Springer, Berlin},
  year = {2005},
  author = {Gunter Dueck},
  note = {\url{http://www.omnisophie.com}}
}

@ARTICLE{knuth:1976,
  author = {Knuth, Donald E.},
  title = {{B}ig {O}micron and {B}ig {O}mega and {B}ig {T}heta},
  journal = {SIGACT News},
  year = {1976},
  volume = {8},
  pages = {18--24},
  number = {2},
  month = {April/June},
  address = {New York, NY, USA},
  publisher = {ACM Press}
}

@ARTICLE{knuth:1974,
  author = {Knuth, Donald E.},
  title = {{C}omputer {P}rogramming as an {A}rt},
  journal = {Communications of the ACM},
  year = {1974},
  volume = {17},
  pages = {667--673},
  number = {12},
  month = {December },
  address = {New York, NY, USA},
  publisher = {ACM Press}
}

@BOOK{sommerville:1992,
  title = {{S}oftware {E}ngineering},
  publisher = {Addison-Wesley},
  year = {1992},
  author = {Ian Sommerville},
  address = {Boston, MA, USA},
  edition = {4th}
}

@WEBSITE{why_debian,
  title = {Why Debian},
  publisher = {Debian People},
  year = {05/31/2007},
  author = {Manoj Srivastava},
  url = {http://people.debian.org/~srivasta/talks/why_debian/talk.html}
}

@WEBSITE{ror_naming_convention,
  title = {Naming Conventions for Ruby on Rails},
  publisher = {Dummies.com},
  year = {29/10/2012},
  author = {Barry Burd},
  url = {http://www.dummies.com/how-to/content/naming-conventions-for-ruby-on-rails.html}
}

@BOOK{UML_notation,
  title = {UML Notation Guide},
  publisher = {"Rational Software - Microsoft - Hewlett-Packard - Oracle - Sterling Software - MCI Systemhouse - Unisys - ICON Computing - IntelliCorp - i-Logix - IBM - ObjecTime - latinum Technology - Ptech Taskon - Reich Technologies - Softeam"},
  year = {05/08/1997},
  author = {"Rational Software - Microsoft - Hewlett-Packard - Oracle - Sterling Software - MCI Systemhouse - Unisys - ICON Computing - IntelliCorp - i-Logix - IBM - ObjecTime - latinum Technology - Ptech Taskon - Reich Technologies - Softeam"},
  url = {http://www.cse.wustl.edu/~kjg/cse132/forms/UML%20notation%20guide.pdf}
}
@WEBSITE{common_fonts,
  title = {CSS Web Safe Font Combinations},
  publisher = {w3schools.com},
  author = {Refsnes Data },
  url = {http://www.w3schools.com/cssref/css_websafe_fonts.aspl}
}
